<?xml version="1.0" encoding="UTF-8"?><collection xmlns="http://www.loc.gov/MARC21/slim"><record><leader>00444nam--2200133-i-4500</leader><controlfield tag="001">000028114</controlfield><controlfield tag="002">20161230</controlfield><controlfield tag="005">20161230201037</controlfield><controlfield tag="008">060222s1000------------r-----000-0-eng-d</controlfield><datafield ind1=" " ind2=" " tag="080"><subfield code="a">669.018(043)</subfield></datafield><datafield ind1=" " ind2=" " tag="100"><subfield code="a">Kemkes-sieben, Christa</subfield></datafield><datafield ind1=" " ind2=" " tag="245"><subfield code="a">Untersuchung der nahordnungskineti in auag-legierungen unter und nach 3mev- elektronenbestrahlung. dissertation</subfield></datafield><datafield ind1=" " ind2=" " tag="260"><subfield code="a">Aachen, Rheinisch-westfalischen Technischen, 1987. 140p.+fig</subfield></datafield><datafield ind1=" " ind2=" " tag="852"><subfield code="a">78802</subfield></datafield></record></collection>